<collection xmlns="http://www.loc.gov/MARC21/slim">
<record>
  <leader>00830nam0a22001811i 450 </leader>
  <controlfield tag="001">IT\ICCU\CNCE\066392</controlfield>
  <controlfield tag="005">20100524000000.0</controlfield>
  <datafield tag="100" ind1=" " ind2=" ">
    <subfield code="a">20060906d1541        0itac0103    ba</subfield>
  </datafield>
  <datafield tag="101" ind1=" " ind2=" ">
    <subfield code="a">ITA</subfield>
  </datafield>
  <datafield tag="102" ind1=" " ind2=" ">
    <subfield code="a">IT</subfield>
  </datafield>
  <datafield tag="200" ind1="1" ind2=" ">
    <subfield code="a">℗I ℗triomphi de Troilo Pomeran da Cittadela composti sopra li terrocchi in laude delle famose gentil donne di Vinegia</subfield>
  </datafield>
  <datafield tag="210" ind1=" " ind2=" ">
    <subfield code="e">In Vinegia</subfield>
    <subfield code="g">per Giouann&apos;Antonio e Pietro fratelli de Nicolini da Sabio</subfield>
    <subfield code="h">1541 a di XXIII nouemb.</subfield>
  </datafield>
  <datafield tag="215" ind1=" " ind2=" ">
    <subfield code="a">\12! c.</subfield>
    <subfield code="d">8ʻ</subfield>
  </datafield>
  <datafield tag="620" ind1=" " ind2=" ">
    <subfield code="a">IT</subfield>
    <subfield code="d">Venezia</subfield>
  </datafield>
  <datafield tag="700" ind1=" " ind2="1">
    <subfield code="a">Pomeran,</subfield>
    <subfield code="b">Troilo</subfield>
    <subfield code="3">IT\ICCU\CNCA\029329</subfield>
  </datafield>
  <datafield tag="712" ind1="0" ind2="0">
    <subfield code="a">Nicolini da Sabbio, Giovanni Antonio &amp; Nicolini da Sabbio, Pietro</subfield>
    <subfield code="3">IT\ICCU\CNCT\000058</subfield>
    <subfield code="4">650</subfield>
  </datafield>
  <datafield tag="791" ind1="0" ind2="0">
    <subfield code="a">Sabio, Ioannes Antonius de &amp; Sabio, Petrus de</subfield>
    <subfield code="3">IT\ICCU\CNCT\002431</subfield>
    <subfield code="z">Nicolini da Sabbio, Giovanni Antonio &amp; Nicolini da Sabbio, Pietro</subfield>
  </datafield>
  <datafield tag="801" ind1=" " ind2="3">
    <subfield code="a">IT</subfield>
    <subfield code="b">ICCU</subfield>
    <subfield code="c">20201115</subfield>
  </datafield>
</record>
</collection>
